@Misc{wiki:9mm,
	author = "Wikipedia",
	title = {{9x19mm Parabellum --- Wikipedia, The Free Encyclopedia}},
	year = "2013",
	note = "[Online; accessed 27 April 2013]"
}

@Misc{pic:9mm,
	title={{Technical Specifications: 9mm x 19 Parabellum}},
	note = "\url{http://www.7-62.com/specifications/Specification_pistol.asp}"; [Online; accessed 27 April 2013]"	
}